<?xml version="1.0" encoding="UTF-8"?><record xmlns="http://www.loc.gov/MARC21/slim" xmlns:cinclude="http://apache.org/cocoon/include/1.0" xmlns:zs="http://www.loc.gov/zing/srw/">
  <leader>00522nz  a2200157n  4500</leader>
  <controlfield tag="001">no2007014589</controlfield>
  <controlfield tag="003">DLC</controlfield>
  <controlfield tag="005">20070210075210.0</controlfield>
  <controlfield tag="008">070131n| acannaabn          |a aaa     c</controlfield>
  <datafield tag="010" ind1=" " ind2=" ">
    <subfield code="a">no2007014589</subfield>
  </datafield>
  <datafield tag="035" ind1=" " ind2=" ">
    <subfield code="a">(OCoLC)oca07322872</subfield>
  </datafield>
  <datafield tag="040" ind1=" " ind2=" ">
    <subfield code="a">SaPrUSA</subfield>
    <subfield code="b">eng</subfield>
    <subfield code="c">SaPrUSA</subfield>
  </datafield>
  <datafield tag="100" ind1="1" ind2=" ">
    <subfield code="a">Debenham, Arthur Edmund</subfield>
  </datafield>
  <datafield tag="400" ind1="1" ind2=" ">
    <subfield code="a">Debenham, A. E.</subfield>
    <subfield code="q">(Arthur Edmund)</subfield>
  </datafield>
  <datafield tag="670" ind1=" " ind2=" ">
    <subfield code="a">The innocent victims, 1969:</subfield>
    <subfield code="b">t.p. (A.E. Debenham)</subfield>
  </datafield>
  <datafield tag="670" ind1=" " ind2=" ">
    <subfield code="a">National Library of Australia, Jan. 31, 2007</subfield>
    <subfield code="b">(hdg.: Debenham, Arthur Edmund; usage: A.E. Debenham)</subfield>
  </datafield>
</record>